@article{scassellati2018improving,
  title={Improving social skills in children with ASD using a long-term, in-home social robot},
  author={Scassellati, Brian and Boccanfuso, Laura and Huang, Chien-Ming and Mademtzi, Marilena and Qin, Meiying and Salomons, Nicole and Ventola, Pamela and Shic, Frederick},
  journal={Science Robotics},
  volume={3},
  number={21},
  pages={eaat7544},
  year={2018},
  publisher={Science Robotics}
}